<?xml version="1.0" encoding="UTF-8"?><collection xmlns="http://www.loc.gov/MARC21/slim"><record><leader>00491nam--2200181-u-4500</leader><controlfield tag="001">000055595</controlfield><controlfield tag="002">20161230</controlfield><controlfield tag="005">20161230201052</controlfield><controlfield tag="008">130228s1000------------r-----000-0-eng-d</controlfield><datafield ind1=" " ind2=" " tag="040"><subfield code="a">IFIN-HH</subfield></datafield><datafield ind1=" " ind2=" " tag="080"><subfield code="a">413.232=5=S</subfield></datafield><datafield ind1="1" ind2=" " tag="100"><subfield code="a">Skvorzova, N</subfield></datafield><datafield ind1="1" ind2="0" tag="245"><subfield code="a">Dizionarioo italiano-russo</subfield><subfield code="b">Italiansko-russkii slovari</subfield><subfield code="c">N. skvorzova, b. maizel</subfield></datafield><datafield ind1=" " ind2=" " tag="260"><subfield code="a">Moskva</subfield><subfield code="b">Casa Editrice Statale</subfield><subfield code="c">1963</subfield></datafield><datafield ind1=" " ind2=" " tag="300"><subfield code="a">954P</subfield></datafield><datafield ind1="1" ind2=" " tag="700"><subfield code="a">Maizel, B</subfield></datafield><datafield ind1=" " ind2=" " tag="852"><subfield code="a">D.144</subfield><subfield code="c">SLCH</subfield></datafield><datafield ind1=" " ind2=" " tag="CAT"><subfield code="a">Sys</subfield><subfield code="c">20130228</subfield><subfield code="h">135608</subfield></datafield></record></collection>